@article{
 MadeHow,
 Author = "Hej",
 Title = "MadeHow",
 Journal = "coolt",
 Volume = "50",
 Pages = "9-19",
 Year = "2001"
}
